<?xml version="1.0" encoding="UTF-8"?><collection xmlns="http://www.loc.gov/MARC21/slim"><record><leader>00404nam--2200121-i-4500</leader><controlfield tag="001">000042571</controlfield><controlfield tag="002">20161230</controlfield><controlfield tag="005">20161230201043</controlfield><controlfield tag="008">060222s1000------------r-----000-0-eng-d</controlfield><datafield ind1=" " ind2=" " tag="080"><subfield code="a">541.151</subfield></datafield><datafield ind1=" " ind2=" " tag="245"><subfield code="a">Stabile isotope. katalog fur stabile isotope, verbindungen und erzeugnisse mit angereicherte stabilen isotopen</subfield></datafield><datafield ind1=" " ind2=" " tag="260"><subfield code="a">Leipzig, Veb Deutscher Verlag Fur Grundstofindustrie, 1964. 208 P</subfield></datafield><datafield ind1=" " ind2=" " tag="852"><subfield code="a">20107</subfield></datafield></record></collection>